<?xml version="1.0" encoding="UTF-8"?><collection xmlns="http://www.loc.gov/MARC21/slim"><record><leader>00393nam--2200133-i-4500</leader><controlfield tag="001">000028233</controlfield><controlfield tag="002">20161230</controlfield><controlfield tag="005">20161230201037</controlfield><controlfield tag="008">060222s1000------------r-----000-0-eng-d</controlfield><datafield ind1=" " ind2=" " tag="080"><subfield code="a">621.039.588(043)</subfield></datafield><datafield ind1=" " ind2=" " tag="100"><subfield code="a">Le Berre Francois</subfield></datafield><datafield ind1=" " ind2=" " tag="245"><subfield code="a">Contribution a l`interpretation des phenomenes explosifs sur les reacteurs. these</subfield></datafield><datafield ind1=" " ind2=" " tag="260"><subfield code="a">Marseille, L`Univ.De Provence,1974. 138p</subfield></datafield><datafield ind1=" " ind2=" " tag="852"><subfield code="a">43374</subfield></datafield></record></collection>